<?xml version="1.0" encoding="UTF-8"?><collection xmlns="http://www.loc.gov/MARC21/slim"><record><leader>00393nam--2200133-i-4500</leader><controlfield tag="001">000046263</controlfield><controlfield tag="002">20161230</controlfield><controlfield tag="005">20161230201045</controlfield><controlfield tag="008">060222s1000------------r-----000-0-eng-d</controlfield><datafield ind1=" " ind2=" " tag="080"><subfield code="a">621.375.59:661.868.2</subfield></datafield><datafield ind1=" " ind2=" " tag="100"><subfield code="a">Van Welzenis, R.G</subfield></datafield><datafield ind1=" " ind2=" " tag="245"><subfield code="a">Avalanche and microwave emission in n-type indium antimonide at liquid nitrogen temperature</subfield></datafield><datafield ind1=" " ind2=" " tag="260"><subfield code="a">F.Loc, Editura, 1972, 157p</subfield></datafield><datafield ind1=" " ind2=" " tag="852"><subfield code="a">38787</subfield></datafield></record></collection>